
@book{Franken:2007,
  author = {Swetlana Franken},
  title = {Verhaltensorientierte Führung},
  year = {2007},
  publisher = {Gabler Verlag; Auflage: 2., überarbeitete und erweiterte Auflage. (13. September 2007)}, 
}

@book{Fried:2010,
  author = {Jason Fried, David Heinemeier Hansson},
  title = {Rework},
  year = {2010},
  publisher = {Crown Business (9. März 2010)}, 
}

@misc{culture,
  howpublished = {\url{http://joshbersin.com/2008/08/13/the-hilo-80-leaders-in-corporate-learning/}},
  note = {09.01.2012}
}

@misc{curve1,
  howpublished = {\url{http://www.learningandteaching.info/learning/learning_curve.htm}},
  note = {09.01.2012}
}

@misc{curve2,
  howpublished = {\url{http://www.terminally-incoherent.com/blog/2006/08/01/text-editor-learning-curves/}},
  note = {09.01.2012}
}

@book{Watzlawick:1992,
  author = {Heinz von Foerster und Ernst von Glasersfeld und Peter M. Hejl und Siegfried J. Schmidt und Paul Watzlawick},
  title = {Einführung in den Konstruktivismus},
  year = {1992},
  publisher = {Piper Taschenbuch; Auflage: 12., Aufl. (März 1992)}
}

@misc{Hueber:2011,
  howpublished = {\url{https://pub.informatik.haw-hamburg.de/home/pub/prof/huebner/Unternehmensorientierung/UO_HBN_WS11_Kap3.pdf}},
  note = {12.01.2012}
}

